@book{shafer_probability_2005,
	title={Probability and finance: it's only a game!},
	author={Shafer, Glenn and Vovk, Vladimir},
	volume={491},
	year={2005},
	publisher={John Wiley \& Sons}
}


@book{walley_statistical_1991,
	title={Statistical Reasoning with Imprecise Probabilities},
	author={Walley, P.},
	isbn={9780412286605},
	lccn={lc90042753},
	year={1991},
	publisher={Taylor \& Francis}
}


@book{levi_enterprise_1983,
	title={The enterprise of knowledge: An essay on knowledge, credal probability, and chance},
	author={Levi, Isaac},
	year={1983},
	publisher={MIT press}
}


@article{levy_stochastic_1992,
	title={Stochastic dominance and expected utility: survey and analysis},
	author={Levy, Haim},
	journal={Management science},
	volume={38},
	number={4},
	pages={555--593},
	year={1992},
	publisher={INFORMS}
}


@incollection{wald_statistical_1992,
	title={Statistical decision functions},
	author={Wald, Abraham},
	booktitle={Breakthroughs in Statistics},
	pages={342--357},
	year={1992},
	publisher={Springer}
}


@article{gajdos_attitude_2008,
	title={Attitude toward imprecise information},
	author={Gajdos, Thibault and Hayashi, Takashi and Tallon, J-M and Vergnaud, J-C},
	journal={Journal of Economic Theory},
	volume={140},
	number={1},
	pages={27--65},
	year={2008},
	publisher={Elsevier}
}


@article{dubois_qualitative_2003,
	title={Qualitative decision theory with preference relations and comparative uncertainty: An axiomatic approach},
	author={Dubois, Didier and Fargier, H{\'e}l{\`e}ne and Perny, Patrice},
	journal={Artificial Intelligence},
	volume={148},
	number={1-2},
	pages={219--260},
	year={2003},
	publisher={Elsevier}
}


@book{quiggin_generalized_2012,
	title={Generalized expected utility theory: The rank-dependent model},
	author={Quiggin, John},
	year={2012},
	publisher={Springer Science \& Business Media}
}


@book{definetti_probability_2017,
	title={Theory of probability: A critical introductory treatment},
	author={Bruno de Finetti},
	edition={6th},
	year={2017},
	publisher={John Wiley \& Sons}
}


